@article{penrose1996,
    author  = {R. Penrose},
    title   = {On Gravity's Role in Quantum State Reduction},
    journal = {Gen. Rel. Grav.},
    volume  = {28},
    pages   = {581--600},
    year    = {1996},
}

@article{verlinde2011,
    author  = {E. Verlinde},
    title   = {On the Origin of Gravity and the Laws of Newton},
    journal = {JHEP},
    volume  = {04},
    pages   = {029},
    year    = {2011},
}

@article{jacobson1995,
    author  = {T. Jacobson},
    title   = {Thermodynamics of Spacetime: The Einstein Equation of State},
    journal = {Phys. Rev. Lett.},
    volume  = {75},
    pages   = {1260--1263},
    year    = {1995},
}

@book{birrell1982,
    author    = {N.D. Birrell and P.C.W. Davies},
    title     = {Quantum Fields in Curved Space},
    publisher = {Cambridge University Press},
    year      = {1982},
}

@book{fujii2003,
    author    = {Y. Fujii and K. Maeda},
    title     = {The Scalar-Tensor Theory of Gravitation},
    publisher = {Cambridge University Press},
    year      = {2003},
}

@article{eotwash2008,
    author  = {S. Schlamminger and others},
    title   = {Test of the Equivalence Principle Using a Rotating Torsion Balance},
    journal = {Phys. Rev. Lett.},
    volume  = {100},
    pages   = {041101},
    year    = {2008},
}
