% Stub bibliography file. Populate with entries as needed.
@misc{preprint2025,
  title={Null Results and Exclusion Limits for Coherence--Gravity and Curvature Couplings},
  author={Project Team},
  year={2025},
  note={Manuscript draft}
}
